<record><leader>00000cas a2200000 a 4500</leader><controlfield tag="001">10384066</controlfield><controlfield tag="008">840207c19379999miuwr ne      0   a0eng c</controlfield><datafield ind1=" " ind2=" " tag="010"><subfield code="a">sn 84005962 </subfield></datafield><datafield ind1=" " ind2=" " tag="040"><subfield code="a">NSD</subfield><subfield code="b">eng</subfield><subfield code="c">NSD</subfield><subfield code="d">MHN</subfield><subfield code="d">OCL</subfield><subfield code="d">OCLCQ</subfield><subfield code="d">OCLCO</subfield></datafield><datafield ind1=" " ind2=" " tag="012"><subfield code="m">1</subfield></datafield><datafield ind1="1" ind2=" " tag="022"><subfield code="a">0746-9055</subfield><subfield code="l">0746-9055</subfield><subfield code="2">1</subfield></datafield><datafield ind1="1" ind2=" " tag="029"><subfield code="a">AU@</subfield><subfield code="b">000020406778</subfield></datafield><datafield ind1=" " ind2=" " tag="032"><subfield code="a">711550</subfield><subfield code="b">USPS</subfield></datafield><datafield ind1=" " ind2=" " tag="037"><subfield code="b">Shiawassee County Journal, P.O. Box 127, 101 N. Main St., Perry, MI 48872</subfield></datafield><datafield ind1=" " ind2=" " tag="042"><subfield code="a">nsdp</subfield><subfield code="a">pcc</subfield></datafield><datafield ind1="0" ind2=" " tag="130"><subfield code="a">Shiawassee County journal (Perry, Mich.)</subfield></datafield><datafield ind1=" " ind2="0" tag="222"><subfield code="a">Shiawassee County journal</subfield></datafield><datafield ind1="0" ind2="0" tag="245"><subfield code="a">Shiawassee County journal.</subfield></datafield><datafield ind1=" " ind2=" " tag="260"><subfield code="a">Perry, Mich. :</subfield><subfield code="b">T. H. Halsted,</subfield></datafield><datafield ind1=" " ind2=" " tag="310"><subfield code="a">Weekly</subfield></datafield><datafield ind1="0" ind2=" " tag="362"><subfield code="a">Vol. 43, no. 52 (Sept. 16, 1937)-</subfield></datafield><datafield ind1=" " ind2="0" tag="651"><subfield code="a">Perry (Mich.)</subfield><subfield code="v">Newspapers.</subfield></datafield><datafield ind1=" " ind2="0" tag="651"><subfield code="a">Shiawassee County (Mich.)</subfield><subfield code="v">Newspapers.</subfield></datafield><datafield ind1=" " ind2=" " tag="752"><subfield code="a">United States</subfield><subfield code="b">Michigan</subfield><subfield code="c">Shiawassee</subfield><subfield code="d">Perry.</subfield></datafield><datafield ind1="0" ind2="0" tag="780"><subfield code="t">Perry journal (Perry, Mich.)</subfield><subfield code="w">(DLC)sn 96077406</subfield><subfield code="w">(OCoLC)36134722</subfield></datafield><datafield ind1=" " ind2=" " tag="936"><subfield code="a">Jan. 24, 1984</subfield></datafield></record>